@article{Myung2017,
    author = {Myung, Seung-Taek and Maglia, Filippo and Park, Kang-Joon and Yoon, Chong Seung and Lamp, Peter and Kim, Sung-Jin and Sun, Yang-Kook},
    title = {Nickel-Rich Layered Cathode Materials for Automotive Lithium-Ion Batteries: Achievements and Perspectives},
    journal = {ACS Energy Letters},
    volume = {2},
    number = {1},
    pages = {196-223},
    year = {2017},
    doi = {10.1021/acsenergylett.6b00594}
}

@article{mo_impact_2018,
	title = {The Impact of Electric Vehicle Demand and Battery Recycling on Price Dynamics of Lithium-Ion Battery Cathode Materials: A Vector Error Correction Model (VECM) Analysis},
	volume = {10},
	issn = {2071-1050},
	shorttitle = {The Impact of Electric Vehicle Demand and Battery Recycling on Price Dynamics of Lithium-Ion Battery Cathode Materials},
	doi = {10.3390/su10082870},
	language = {en},
	number = {8},
	journal = {Sustainability},
	author = {Mo, Jung and Jeon, Wooyoung},
	month = aug,
	year = {2018},
	pages = {2870}
}

@article{min_comparative_2016,
	title = {A comparative study of structural changes in lithium nickel cobalt manganese oxide as a function of Ni content during delithiation process},
	volume = {315},
	issn = {03787753},
	doi = {10.1016/j.jpowsour.2016.03.017},
	language = {en},
	journal = {Journal of Power Sources},
	author = {Min, Kyoungmin and Kim, Kihong and Jung, Changhoon and Seo, Seung-Woo and Song, You Young and Lee, Hyo Sug and Shin, Jaikwang and Cho, Eunseog},
	month = may,
	year = {2016},
	pages = {111--119}
}

@article{tian_performance_2018,
	title = {Performance Improvements of Cobalt Oxide Cathodes for Rechargeable Lithium Batteries},
	volume = {5},
	issn = {21969744},
	doi = {10.1002/cben.201700008},
	language = {en},
	number = {2},
	journal = {ChemBioEng Reviews},
	author = {Tian, Zhongchen and Yu, Hui and Zhang, Zhong and Xu, Xijin},
	month = apr,
	year = {2018},
	pages = {111--118}
}

@article{rozier_review_2015,
	title = {Review-Li-Rich Layered Oxide Cathodes for Next-Generation Li-Ion Batteries: Chances and Challenges},
	volume = {162},
	issn = {0013-4651, 1945-7111},
	shorttitle = {Review-Li-Rich Layered Oxide Cathodes for Next-Generation Li-Ion Batteries},
	doi = {10.1149/2.0111514jes},
	language = {en},
	number = {14},
	journal = {Journal of The Electrochemical Society},
	author = {Rozier, Patrick and Tarascon, Jean Marie},
	year = {2015},
	pages = {A2490--A2499}
}

@article{ohzuku_layered_2001,
	title = {Layered Lithium Insertion Material of LiNi$_{1/2}$Mn$_{1/2}$O$_{2}$: A Possible Alternative to LiCoO$_{2}$ for Advanced Lithium-Ion Batteries},
	volume = {30},
	issn = {0366-7022, 1348-0715},
	shorttitle = {Layered Lithium Insertion Material of LiNi$_{1/2}$Mn$_{1/2}$O$_{2}$},
	doi = {10.1246/cl.2001.744},
	language = {en},
	number = {8},
	journal = {Chemistry Letters},
	author = {Ohzuku, Tsutomu and Makimura, Yoshinari},
	month = aug,
	year = {2001},
	pages = {744--745}
}

@article{sun_electronic_2017,
	title = {Electronic Structure and Comparative Properties of LiNi$_{x}$Mn$_{y}$Co$_{z}$O$_{2}$ Cathode Materials},
	volume = {121},
	issn = {1932-7447, 1932-7455},
	doi = {10.1021/acs.jpcc.7b00810},
	language = {en},
	number = {11},
	journal = {The Journal of Physical Chemistry C},
	author = {Sun, Hong and Zhao, Kejie},
	month = mar,
	year = {2017},
	pages = {6002--6010}
}

@article{larcher2015towards,
    title={Towards greener and more sustainable batteries for electrical energy storage},
    author={Larcher, Dominique and Tarascon, Jean-Marie},
    journal={Nature chemistry},
    volume={7},
    number={1},
    pages={19},
    year={2015},
    publisher={Nature Publishing Group}
}

@article{whittingham1976electrical,
    title={Electrical energy storage and intercalation chemistry},
    author={Whittingham, M Stanley},
    journal={Science},
    volume={192},
    number={4244},
    pages={1126--1127},
    year={1976},
    publisher={American Association for the Advancement of Science}
}

@article{whittingham1974hydrated,
    title={The hydrated intercalation complexes of the layered disulfides},
    author={Whittingham, M Stanley},
    journal={Materials Research Bulletin},
    volume={9},
    number={12},
    pages={1681--1689},
    year={1974},
    publisher={Elsevier}
}

@article{godshall1980thermodynamic,
    title={Thermodynamic investigations of ternary lithium-transition metal-oxygen cathode materials},
    author={Godshall, NA and Raistrick, ID and Huggins, RA},
    journal={Materials Research Bulletin},
    volume={15},
    number={5},
    pages={561--570},
    year={1980},
    publisher={Elsevier}
}

@article{manthiram2017perspective,
    title={A perspective on nickel-rich layered oxide cathodes for lithium-ion batteries},
    author={Manthiram, Arumugam and Song, Bohang and Li, Wangda},
    journal={Energy Storage Materials},
    volume={6},
    pages={125--139},
    year={2017},
    publisher={Elsevier}
}

@article{yang2019highly,
    title={Highly Anisotropic Thermal Transport in LiCoO$_2$},
    author={Yang, Hui and Yang, Jia-yue and Savory, Christopher N and Skelton, Jonathan M and Morgan, Benjamin J and Scanlon, David O and Walsh, Aron},
    journal={The journal of physical chemistry letters},
    volume={10},
    number={18},
    pages={5552--5556},
    year={2019},
    publisher={ACS Publications}
}

@article{yang2020chemical,
  title={Chemical Trends in the Lattice Thermal Conductivity of Li (Ni, Mn, Co) O2 (NMC) Battery Cathodes},
  author={Yang, Hui and Savory, Christopher N and Morgan, Benjamin J and Scanlon, David O and Skelton, Jonathan M and Walsh, Aron},
  journal={Chemistry of Materials},
  volume={32},
  number={17},
  pages={7542--7550},
  year={2020},
  publisher={ACS Publications}
}

@article{mizushima_lixcoo2_1980,
    title={\ce{Li$_x$CoO$_2$} (0$<$x$<$-1): A New Cathode Material for Batteries of High Energy Density},
    Volume = {15},
    Issn = {0025-5408},
    Doi = {10.1016/0025-5408(80)90012-4},
    Number = {6},
    Urldate = {2019-02-10},
    Journal = {Mater. Res. Bull.},
    Author = {Mizushima, K. And Jones, P. C. And Wiseman, P. J. And Goodenough, J. B.},
    Month = Jun,
    Year = {1980},
    Pages = {783--789},
}

@article{gibbard1989high,
    Title={High Temp., High Pulse Power Lithium Batteries},
    Author={Gibbard, HF},
    Journal={J. Power Sources},
    Volume={26},
    Number={1-2},
    Pages={81--91},
    Year={1989},
    Publisher={Elsevier}
}

@article{plichta1989improved,
    Title={An Improved Li/Li$_x$CoO$_2$ Rechargeable Cell},
    Author={Plichta, E and Slane, S and Uchiyama, M and Salomon, M and Chua, D and Ebner, WB and Lin, HW},
    Journal={J. Electrochem. Soc.},
    Volume={136},
    Number={7},
    Pages={1865--1869},
    Year={1989},
    Publisher={The Electrochemical Society}
}

@article{ohzuku2001layered,
    title={Layered lithium insertion material of LiCo$_{1/3}$Ni$_{1/3}$Mn$_{1/3}$O$_2$ for lithium-ion batteries},
    author={Ohzuku, Tsutomu and Makimura, Yoshinari},
    journal={Chemistry Letters},
    volume={30},
    number={7},
    pages={642--643},
    year={2001},
    publisher={The Chemical Society of Japan}
}

@article{lu2001layered,
    title={Layered cathode materials Li[Ni$_x$Li$_{(1/3-2x/3)}$Mn$_{(2/3- x/3)}$]O$_2$ for lithium-ion batteries},
    author={Lu, Zhonghua and MacNeil, DD and Dahn, JR},
    journal={Electrochemical and Solid State Letters},
    volume={4},
    number={11},
    pages={A191},
    year={2001},
    publisher={IOP Publishing}
}

@article{belharouak2003li,
    title={Li(Ni$_{1/3}$Co$_{1/3}$Mn$_{1/3}$)O$_2$ as a suitable cathode for high power applications},
    author={Belharouak, I and Sun, Y-K and Liu, J and Amine, K},
    journal={Journal of Power Sources},
    volume={123},
    number={2},
    pages={247--252},
    year={2003},
    publisher={Elsevier}
}

@article{kim2014unexpected,
    title={Unexpected high power performance of atomic layer deposition coated Li[Ni$_{1/3}$Mn$_{1/3}$Co$_{1/3}$]O$_2$ cathodes},
    author={Kim, Ji Woo and Travis, Jonathan J and Hu, Enyuan and Nam, Kyung-Wan and Kim, Seul Cham and Kang, Chan Soon and Woo, Jae-Ha and Yang, Xiao-Qing and George, Steven M and Oh, Kyu Hwan and others},
    journal={Journal of Power Sources},
    volume={254},
    pages={190--197},
    year={2014},
    publisher={Elsevier}
}

@article{chen2006thermal,
    title={Thermal analysis of spirally wound lithium batteries},
    author={Chen, Shin-Chih and Wang, Yung-Yun and Wan, Chi-Chao},
    journal={J. Electrochem. Soc.},
    volume={153},
    number={4},
    pages={A637--A648},
    year={2006},
    publisher={The Electrochemical Society}
}

@article{takahata2002thermal,
    title={Thermal conductivity of \ce{AxBO2}-type layered oxides \ce{Na_{0.77}MnO2} and \ce{LiCoO2}},
    author={Takahata, Kazumi and Terasaki, Ichiro},
    journal={Japanese J. Appl. Phys.},
    volume={41},
    number={2R},
    pages={763},
    year={2002},
    publisher={IOP Publishing}
}

@article{feng2020quantum,
    title={Quantum prediction of ultra-low thermal conductivity in lithium intercalation materials},
    author={Feng, Tianli and O'Hara, Andrew and Pantelides, Sokrates T},
    journal={Nano Energy},
    pages={104916},
    year={2020},
    publisher={Elsevier}
}

@article{xia2020high,
    title={High-Throughput Study of Lattice Thermal Conductivity in Binary Rocksalt and Zinc Blende Compounds Including Higher-Order Anharmonicity},
    author={Xia, Yi and Hegde, Vinay I and Pal, Koushik and Hua, Xia and Gaines, Dale and Patel, Shane and He, Jiangang and Aykol, Muratahan and Wolverton, Chris},
    journal={Physical Review X},
    volume={10},
    number={4},
    pages={041029},
    year={2020},
    publisher={APS}
}

@article{hui2020param,
    title={Development of Experimental Techniques for Parameterization of Multi-scale Lithium-ion Battery Models},
    author={Chen, Chang-Hui and Brosa Planella, Ferran and O'Regan, Kieran and Gastol, Dominika and Widanage, W. Dhammika and Kendrick, Emma},
    journal={Journal of The Electrochemical Society},
    volume={167},
    number={8},
    pages={080534},
    year={2020},
    publisher={IOP Publishing}
}
  
@article{Newman1975porous,
    title={Porous-electrode theory with battery applications},
    author={Newman, John and Tiedemann, William},
    journal={AIChE Journal},
    volume={21},
    number={1},
    pages={25-41},
    year={1973},
}

@article{Doyle1993DFN,
    title={Modeling of Galvanostatic Charge and Discharge of the Lithium/Polymer/Insertion Cell},
    author={Doyle, Marc and Fuller, Thomas and Newman, John},
    journal={Journal of The Electrochemical Society},
    volume={140},
    number={6},
    pages={1526},
    year={1993},
    publisher={IOP Publishing}
}
  
@article{Li2019degra,
    title={Degradation Mechanisms and Mitigation Strategies of Nickel-Rich NMC-Based Lithium-Ion Batteries},
    author={Li, Tianyu and Yuan, Xiao-Zi and Zhang, Lei and Song, Datong and Shi, Kaiyuan and Bock, Christina},
    journal={Electrochemical Energy Reviews},
    volume={3},
    number={1},
    pages={43-80},
    year={2020},
    publisher={Springer Singapore}
}

@article{van_der_ven_rechargeable_2020,
	title = {Rechargeable Alkali-Ion Battery Materials: Theory and Computation},
	doi = {10.1021/acs.chemrev.9b00601},
	journal = {Chemical Reviews},
	author = {Van der Ven, Anton and Deng, Zhi and Banerjee, Swastika and Ong, Shyue Ping},
	month = feb,
	year = {2020},
	pages = {6977--7019}
}

@article{van_der_ven_layered_2001,
    title = "Lithium diffusion mechanisms in layered intercalation compounds",
    journal = "Journal of Power Sources",
    volume = "97-98",
    pages = "529-531",
    year = "2001",
    doi = "https://doi.org/10.1016/S0378-7753(01)00638-3",
    author = "A. {Van der Ven} and G. Ceder",
}

@article{van_der_ven_LiTiS2_2008,
    title = {Nondilute diffusion from first principles: Li diffusion in ${\text{Li}}_{x}{\text{TiS}}_{2}$},
    author = {Van der Ven, Anton and Thomas, John C. and Xu, Qingchuan and Swoboda, Dane and Morgan, Benjamin},
    journal = {Phys. Rev. B},
    volume = {78},
    issue = {10},
    pages = {104306},
    numpages = {12},
    year = {2008},
    month = {Sep},
    publisher = {American Physical Society},
    doi = {10.1103/PhysRevB.78.104306},
}

@article{buckingham_classical_1938,
	title = {The classical equation of state of gaseous helium, neon and argon},
	volume = {168},
	issn = {0080-4630, 2053-9169},
	doi = {10.1098/rspa.1938.0173},
	number = {933},
	journal = {Proceedings of the Royal Society of London. Series A. Mathematical and Physical Sciences},
	author = {Buckingham, R A},
	month = oct,
	year = {1938},
	pages = {264--283}
}

@article{born_1932,
	title = {On the Lattice Theory of Ionic Crystals},
	volume = {75},
	number = {1--2},
	journal = {Zeitschrift f\"{u}r Physik},
	author = {Born, M and Mayer, J},
	year = {1932},
	pages = {1--18}
}

@article{mayer_1932,
	title = {Dispersion and Polarizability and the Van der Waals Potential in the Alkali Halides},
	volume = {1},
	journal = {The Journal of Chemical Physics},
	author = {Mayer, J E},
	year = {1932},
	pages = {270}
}

@article{Lee_and_Park_2012,
    author = {Lee, Sanghun and Park, Sung Soo},
    title = {Atomistic Simulation Study of Mixed-Metal Oxide (LiNi$_{1/3}$Co$_{1/3}$Mn$_{1/3}$O$_2$) Cathode Material for Lithium Ion Battery},
    journal = {The Journal of Physical Chemistry C},
    volume = {116},
    number = {10},
    pages = {6484-6489},
    year = {2012},
    doi = {10.1021/jp2122467}
}

@article{Nakamura_2019,
    author ="Nakamura, Takashi and Gao, Hongze and Ohta, Kento and Kimura, Yuta and Tamenori, Yusuke and Nitta, Kiyofumi and Ina, Toshiaki and Oishi, Masatsugu and Amezawa, Koji",
    title  ="Defect chemical studies on oxygen release from the Li-rich cathode material Li$_{1.2}$Mn$_{0.6}$Ni$_{0.2}$O$_{2-\delta}$",
    journal  ="J. Mater. Chem. A",
    year  ="2019",
    volume  ="7",
    issue  ="9",
    pages  ="5009-5019",
    publisher  ="The Royal Society of Chemistry",
    doi  ="10.1039/C8TA12484A"
}

@article{Kim_2002,
    author = {Kim, S. J. and Martinez-Lope, M. J. and Fernandez-Diaz, M. T. and Alonso, J. A. and Presniakov, I. and Demazeau, G.},
    title = {Evidence of Ni(III) Disproportionation in the TlNiO$_3$ Perovskite Lattice through Neutron Powder Diffraction and Mössbauer Spectroscopy},
    journal = {Chemistry of Materials},
    volume = {14},
    number = {12},
    pages = {4926-4932},
    year = {2002},
    doi = {10.1021/cm021157o}
}

@article{Alonso_1999,
    author = {Alonso, Jos\'{e} A. and Mart\'{i}nez-Lope, Mar\'{i}a J. and Casais, María T. and Aranda, Miguel A. G. and Fern\'{a}ndez-D\'{i}az, Mar\'{i}a T.},
    title = {Metal-Insulator Transitions, Structural and Microstructural Evolution of RNiO$_3$ (R = Sm, Eu, Gd, Dy, Ho, Y) Perovskites: Evidence for Room-Temperature Charge Disproportionation in Monoclinic HoNiO$_3$ and YNiO$_3$},
    journal = {Journal of the American Chemical Society},
    volume = {121},
    number = {20},
    pages = {4754-4762},
    year = {1999},
    doi = {10.1021/ja984015x}
}

@article{He2019,
    author ="He, Jinlong and Zhang, Lin and Liu, Ling",
    title  ="Thermal transport in monocrystalline and polycrystalline lithium cobalt oxide",
    journal  ="Phys. Chem. Chem. Phys.",
    year  ="2019",
    volume  ="21",
    issue  ="23",
    pages  ="12192-12200",
    publisher  ="The Royal Society of Chemistry",
    doi  ="10.1039/C9CP01585J",
}

@article{Hart1998,
    author = {Hart,F. X.  and Bates,J. B. },
    title = {Lattice model calculation of the strain energy density and other properties of crystalline LiCoO$_2$},
    journal = {Journal of Applied Physics},
    volume = {83},
    number = {12},
    pages = {7560-7566},
    year = {1998},
    doi = {10.1063/1.367521}
}

@article{Fisher2010,
    author = {A. J. Fisher, Craig and Saiful Islam, M. and Moriwake, Hiroki},
    title = {Atomic Level Investigations of Lithium Ion Battery Cathode Materials},
    journal = {Journal of the Physical Society of Japan},
    volume = {79},
    number = {Suppl.A},
    pages = {59-64},
    year = {2010},
    doi = {10.1143/JPSJS.79SA.59},
}

@article{Lewis_1985,
    doi = {10.1088/0022-3719/18/6/010},
    year = 1985,
    month = {feb},
    publisher = {{IOP} Publishing},
    volume = {18},
    number = {6},
    pages = {1149--1161},
    author = {G V Lewis and C R A Catlow},
    title = {Potential models for ionic oxides},
    journal = {Journal of Physics C: Solid State Physics}
}

@article{Ledwaba2020,
    author = {Ledwaba, Raesibe S. and Sayle, Dean C. and Ngoepe, Phuti E.},
    title = {Atomistic Simulation and Characterization of Spinel Li$_{1+x}$Mn$_2$O$_4$ ($0 \leq x \leq 1$) Nanoparticles},
    journal = {ACS Applied Energy Materials},
    volume = {3},
    number = {2},
    pages = {1429-1438},
    year = {2020},
    doi = {10.1021/acsaem.9b01870}
}

@article{Sayle2005,
    author = {Sayle, Thi X. T. and Catlow, C. Richard A. and Maphanga, R. Regina and Ngoepe, Phuti E. and Sayle, Dean C.},
    title = {Generating MnO$_2$ Nanoparticles Using Simulated Amorphization and Recrystallization},
    journal = {Journal of the American Chemical Society},
    volume = {127},
    number = {37},
    pages = {12828-12837},
    year = {2005},
    doi = {10.1021/ja0434073},
}

@article{Ammundsen1999,
    author = {Ammundsen, Brett and Burns, Gary R. and Islam, M. Saiful and Kanoh, Hirofumi and Rozi\`{e}re, Jacques},
    title = {Lattice Dynamics and Vibrational Spectra of Lithium Manganese Oxides: A Computer Simulation and Spectroscopic Study},
    journal = {The Journal of Physical Chemistry B},
    volume = {103},
    number = {25},
    pages = {5175-5180},
    year = {1999},
    doi = {10.1021/jp984398l}
}

@article{Dawson2014,
    author = {Dawson, James A. and Tanaka, Isao},
    title = {Oxygen Vacancy Formation and Reduction Properties of $\beta$-MnO$_2$ Grain Boundaries and the Potential for High Electrochemical Performance},
    journal = {ACS Applied Materials \& Interfaces},
    volume = {6},
    number = {20},
    pages = {17776-17784},
    year = {2014},
    doi = {10.1021/am504351p}
}

@article{Kerisit2014,
    author = {Kerisit, Sebastien and Chaka, Anne M. and Droubay, Timothy C. and Ilton, Eugene S.},
    title = {Shell Model for Atomistic Simulation of Lithium Diffusion in Mixed Mn/Ti Oxides},
    journal = {The Journal of Physical Chemistry C},
    volume = {118},
    number = {42},
    pages = {24231-24239},
    year = {2014},
    doi = {10.1021/jp506025k}
}

@article{jones_1924,
	title = {On the determination of molecular fields. -{II}. {From} the equation of state of a gas},
	volume = {106},
	author = {Jones, J E},
	issn = {0950-1207, 2053-9150},
	doi = {10.1098/rspa.1924.0082},
	number = {738},
	journal = {Proceedings of the Royal Society of London. Series A, Containing Papers of a Mathematical and Physical Character},
	year = {1924},
	pages = {463--477}
}

@article{gale_gulp_1997,
	title = {GULP: A computer program for the symmetry-adapted simulation of solids},
	volume = {93},
	issn = {09565000, 13645455},
	shorttitle = {GULP},
	doi = {10.1039/a606455h},
	number = {4},
	journal = {Journal of the Chemical Society, Faraday Transactions},
	author = {Gale, Julian D.},
	year = {1997},
	pages = {629--637}
}

@article{gale_empirical_1996,
	title = {Empirical potential derivation for ionic materials},
	volume = {73},
	issn = {1364-2812, 1463-6417},
	doi = {10.1080/13642819608239107},
	number = {1},
	journal = {Philosophical Magazine B},
	author = {Gale, J. D.},
	month = jan,
	year = {1996},
	pages = {3--19}
}

@article{Stukowski_2017,
	doi = {10.1088/1361-651x/aa6ecf},
	year = 2017,
	month = {may},
	publisher = {{IOP} Publishing},
	volume = {25},
	number = {5},
	pages = {055003},
	author = {Alexander Stukowski and Erik Fransson and Markus Mock and Paul Erhart},
	title = {Atomicrex--a general purpose tool for the construction of atomic interaction models},
	journal = {Modelling and Simulation in Materials Science and Engineering},
	url = {https://www.atomicrex.org}
}

@article{wen_kim-compliant_2017,
	title = {A KIM-compliant \textit{potfit} for fitting sloppy interatomic potentials: application to the EDIP model for silicon},
	volume = {25},
	issn = {0965-0393, 1361-651X},
	shorttitle = {A KIM-compliant \textit{potfit} for fitting sloppy interatomic potentials},
	doi = {10.1088/0965-0393/25/1/014001},
	number = {1},
	journal = {Modelling and Simulation in Materials Science and Engineering},
	author = {Wen, Mingjian and Li, Junhao and Brommer, Peter and Elliott, Ryan S and Sethna, James P and Tadmor, Ellad B},
	month = jan,
	year = {2017},
	pages = {014001}
}

@article{Lindan_1993,
    doi = {10.1088/0953-8984/5/8/005},
    year = 1993,
    month = {feb},
    publisher = {{IOP} Publishing},
    volume = {5},
    number = {8},
    pages = {1019--1030},
    author = {P J D Lindan and M J Gillan},
    title = {Shell-model molecular dynamics simulation of superionic conduction in CaF$_2$},
    journal = {Journal of Physics: Condensed Matter},
}

@article{Mitchell_1993,
	doi = {10.1088/0953-8984/5/8/006},
	year = 1993,
	month = {feb},
	publisher = {{IOP} Publishing},
	volume = {5},
	number = {8},
	pages = {1031--1038},
	author = {P J Mitchell and D Fincham},
	title = {Shell model simulations by adiabatic dynamics},
	journal = {Journal of Physics: Condensed Matter},
}

@article{pedone2006potentials,
    author = {Pedone, Alfonso and Malavasi, Gianluca and Menziani, M. Cristina and Cormack, Alastair N. and Segre, Ulderico},
    title = {A New Self-Consistent Empirical Interatomic Potential Model for Oxides, Silicates, and Silica-Based Glasses},
    journal = {The Journal of Physical Chemistry B},
    volume = {110},
    number = {24},
    pages = {11780-11795},
    year = {2006},
    doi = {10.1021/jp0611018}
}

@article{todorov2006dl_poly_3,
    title={DL\_POLY\_3: new dimensions in molecular dynamics simulations via massive parallelism},
    author={Todorov, Ilian T and Smith, William and Trachenko, Kostya and Dove, Martin T},
    journal={Journal of Materials Chemistry},
    volume={16},
    number={20},
    pages={1911--1918},
    year={2006},
    publisher={Royal Society of Chemistry}
}

@article{PLIMPTON19951,
    title = "Fast Parallel Algorithms for Short-Range Molecular Dynamics",
    journal = "Journal of Computational Physics",
    volume = "117",
    number = "1",
    pages = "1 - 19",
    year = "1995",
    issn = "0021-9991",
    doi = "https://doi.org/10.1006/jcph.1995.1039",
    author = "Steve Plimpton",
}

@article{lee2012atomistic,
    title={Atomistic simulation study of mixed-metal oxide (LiNi$_{1/3}$Co$_{1/3}$Mn$_{1/3}$O$_2$) cathode material for lithium ion battery},
    author={Lee, Sanghun and Park, Sung Soo},
    journal={The Journal of Physical Chemistry C},
    volume={116},
    number={10},
    pages={6484--6489},
    year={2012},
    publisher={ACS Publications}
}

@article{Fackeldey2015,
    title = {Challenges in Atomistic-to-Continuum Coupling},
    journal = {Mathematical Problems in Engineering},
    year = "2015",
    doi = "10.1155/2015/834517",
    author = "Konstantin Fackeldey"
}
    
@book{Badia2007,
    author       = {Santiago Badia and  Pavel Bochev and Max Gunzburger and Richard Lehoucq and Michael Parks}, 
    title        = {Bridging Methods for Coupling Atomistic and Continuum Models},
    booktitle    = {International Conference on Large-Scale Scientific Computing},
    year         = {2007},
    pages        = {16 - 27},
    organization = {Large-Scale Scientific Computing},
}
    
@article{Kim2011,
    title = {Multi-Domain Modeling of Lithium-Ion Batteries Encompassing Multi-Physics in Varied Length Scales},
    author = {Kim, G. H. and Smith, K. and Lee, K. J. and Santhanagopalan, S. and Pesaran, A.},
    doi = {10.1149/1.3597614},
    journal = {Journal of the Electrochemical Society},
    issn = {0013-4651},
    number = 8,
    volume = 158,
    place = {United States},
    year = {2011},
    month = {1}
}
@article{Phillip2020,
    title = {Structural Degradation of High Voltage Lithium Nickel Manganese Cobalt Oxide (NMC) Cathodes in Solid-State Batteries and Implications for Next Generation Energy Storage},
    author = {Nathan D. Phillip and Andrew S. Westover and Claus Daniel and Gabriel M. Veith},
    doi = {0.1021/acsaem.9b02230},
    journal = {ACS Applied Energy Materials},
    number = 3,
    volume = 2,
    year = {2020},
    pages={1768-1774}
}

@article{Stewart_2008,
    doi = {10.1149/1.2953524},
    year = 2008,
    publisher = {The Electrochemical Society},
    volume = {155},
    number = {9},
    pages = {A664},
    author = {Sarah G. Stewart and Venkat Srinivasan and John Newman},
    title = {Modeling the Performance of Lithium-Ion Batteries and Capacitors during Hybrid-Electric-Vehicle Operation},
    journal = {Journal of The Electrochemical Society},
}

@article{Tranter_2020b,
    doi = {10.1149/1945-7111/abd44f},
    year = 2020,
    month = {dec},
    publisher = {The Electrochemical Society},
    volume = {167},
    number = {16},
    pages = {160544},
    author = {T. G. Tranter and R. Timms and P. R. Shearing and D. J. L. Brett},
    title = {Communication{\textemdash}Prediction of Thermal Issues for Larger Format 4680 Cylindrical Cells and Their Mitigation with Enhanced Current Collection},
    journal = {Journal of The Electrochemical Society},
}

@article{Sulzer_2020,
	year = 2020,
	publisher = {ECSarXiv},
	author = {V. Sulzer and S. G. Marquis and R. Timms and M. Robinson and S. J. Chapman},
	title = {CPython Battery Mathematical Modelling (PyBaMM)},
	journal = {ECSarXiv}
}

@article{Jin2018,
    author = {Jin, Ning and Danilov, Dmitri L. and Van den Hof, Paul M.J. and Donkers, M.C.F.},
    title = {Parameter estimation of an electrochemistry-based lithium-ion battery model using a two-step procedure and a parameter sensitivity analysis},
    journal = {International Journal of Energy Research},
    volume = {42},
    number = {7},
    pages = {2417-2430},
    doi = {https://doi.org/10.1002/er.4022},
    year = {2018}
}

@article{Marquis2019,
    title = {An Asymptotic Derivation of a Single Particle Model with Electrolyte},
    volume = {166}, DOI={10.1149/2.0341915jes},
    number = {15},
    journal = {Journal of The Electrochemical Society},
    author = {Marquis, Scott G. and Sulzer, Valentin and Timms, Robert and Please, Colin P. and Chapman, S. Jon},
    year = {2019},
    pages = {A3693–A3706}
}
 
@article{Dawson2018,
    journal={ECS Meeting Abstracts},
    publisher={The Electrochemical Society},
    year={2018}
}

@article{Richardson2020,
    title={Generalised single particle models for high-rate operation of graded lithium-ion electrodes: Systematic derivation and validation},
    volume={339},
    ISSN={0013-4686},
    DOI={https://doi.org/10.1016/j.electacta.2020.135862},
    journal={Electrochimica Acta},
    author={Richardson, G. and Korotkin, I. and Ranom, R. and Castle, M. and Foster, J. M.},
    year={2020},
    pages={135862}
}

@article{Howey_2020,
    doi = {10.1149/2.f03204if},
    year = 2020,
    month = {dec},
    publisher = {The Electrochemical Society},
    volume = {29},
    number = {4},
    pages = {30--34},
    author = {David A. Howey and Scott A. Roberts and Venkatasubramanian Viswanathan and Aashutosh Mistry and Martin Beuse and Edwin Khoo and Steven C. DeCaluwe},
    title = {Free Radicals: Making a Case for Battery Modeling},
    journal = {Electrochemical Society Interface},
}
 
@article{Kindermann2017,
    title={A SEI Modeling Approach Distinguishing between Capacity and Power Fade},
    volume={164},
    DOI={10.1149/2.0321712jes},
    number={12},
    journal={Journal of The Electrochemical Society},
    author={Kindermann, Frank M. and Keil, Jonas and Frank, Alexander and Jossen, Andreas},
    year={2017},
    pages={e287–e294}
}
  
@article{Sturm2019b,
    title={Modeling and simulation of inhomogeneities in a 18650 nickel-rich, silicon-graphite lithium-ion cell during fast charging},
    volume={412},
    ISSN={0378-7753},
    DOI={https://doi.org/10.1016/j.jpowsour.2018.11.043},
    journal={Journal of Power Sources},
    author={Sturm, J. and Rheinfeld, A. and Zilberman, I. and Spingler, F. B. and Kosch, S. and Frie, F. and Jossen, A.},
    year={2019},
    pages={204–223}
}
   
@article{Waldmann2016,
    title={Review—Post-Mortem Analysis of Aged Lithium-Ion Batteries: Disassembly Methodology and Physico-Chemical Analysis Techniques},
    author={T. Waldmann and A. Iturrondobeitia and M. Kasper and N. Ghanbari and Frederic Aguesse and E. Bekaert and L. Daniel and S. Geni{\`e}s and I. J. Gordon and M. L{\"o}ble and E. D. Vito and Margret Wohlfahrt-Mehrens},
    journal={Journal of The Electrochemical Society},
    year={2016},
    volume={163},
    pages={2149}
}

@article{Landesfeind2018,
    title={Tortuosity of Battery Electrodes: Validation of Impedance-Derived Values and Critical Comparison with 3D Tomography},
    volume={165},
    DOI={10.1149/2.0231803jes},
    number={3},
    journal={Journal of The Electrochemical Society},
    publisher={The Electrochemical Society},
    author={Landesfeind, Johannes and Ebner, Martin and Eldiven, Askin and Wood, Vanessa and Gasteiger, Hubert A.},
    year={2018},
    pages={A469–A476}
}
 
@article{Nguyen2020,
    title={The electrode tortuosity factor: why the conventional tortuosity factor is not well suited for quantifying transport in porous Li-ion battery electrodes and what to use instead},
    volume={6},
    ISSN={2057-3960},
    DOI={10.1038/s41524-020-00386-4},
    number={1},
    journal={npj Computational Materials},
    author={Nguyen, Tuan-Tu and Demortière, Arnaud and Fleutot, Benoit and Delobel, Bruno and Delacourt, Charles and Cooper, Samuel J.},
    year={2020},
    month={Aug},
    pages={123}
}
  
@article{Chen2020,
    title={Development of Experimental Techniques for Parameterization of Multi-scale Lithium-ion Battery Models},
    volume={167},
    DOI={10.1149/1945-7111/ab9050},
    number={8},
    journal={Journal of The Electrochemical Society},
    publisher={The Electrochemical Society},
    author={Chen, Chang-Hui and Planella, Ferran Brosa and O'Regan, Kieran and Gastol, Dominika and Widanage, W. Dhammika and Kendrick, Emma},
    year={2020},
    month={May},
    pages={080534}
}

@article{Li2015,
    title={Study of the Failure Mechanisms of LiNi$_{0.8}$Co$_{0.1}$Mn$_{0.1}$ Cathode Material for Lithium Ion Batteries},
    author={Li, Jing and Downie, Laura E and Ma, Lin and Qiu, Wenda and Dahn, JR},
    journal={Journal of The Electrochemical Society},
    volume={162},
    number={7},
    pages={A1401},
    year={2015},
    publisher={IOP Publishing}
}
@article{Sohrab2020,
    title={Exploring cycling induced crystallographic change in NMC with X-ray diffraction computed tomography},
    author={Daemi, Sohrab R and Tan, Chun and Vamvakeros, Antonis and Heenan, Thomas MM and Finegan, Donal P and Di Michiel, Marco and Beale, Andrew M and Cookson, James and Petrucco, Enrico and Weaving, Julia S and others},
    journal={Physical Chemistry Chemical Physics},
    volume={22},
    number={32},
    pages={17814--17823},
    year={2020},
    publisher={Royal Society of Chemistry}
}

@article{Barai2019,
    title={A comparison of methodologies for the non-invasive characterisation of commercial Li-ion cells},
    volume={72},
    ISSN={0360-1285},
    DOI={https://doi.org/10.1016/j.pecs.2019.01.001},
    journal={Progress in Energy and Combustion Science},
    author={Barai, Anup and Uddin, Kotub and Dubarry, Matthieu and Somerville, Limhi and McGordon, Andrew and Jennings, Paul and Bloom, Ira},
    year={2019},
    pages={1–31}
}

@article{Garcia-Plaza2017,
    title={Hysteresis effect influence on electrochemical battery modeling},
    volume={152},
    ISSN={0378-7796},
    DOI={https://doi.org/10.1016/j.epsr.2017.06.019},
    journal={Electric Power Systems Research},
    author={Garc\'{i}a-Plaza, M. and Carrasco, J. Eloy-Garc\'{i}a and Pe\~{n}a-Asensio, A. and Alonso-Mart\'{i}nez, J. and G\'{o}mez, S. Arnaltes},
    year={2017},
    pages={27–35}
}

@article{Ecker2015,
    title={Parameterization of a Physico-Chemical Model of a Lithium-Ion Battery},
    volume={162},
    DOI={10.1149/2.0551509jes},
    number={9},
    journal={Journal of The Electrochemical Society},
    publisher={The Electrochemical Society},
    author={Ecker, Madeleine and Tran, Thi Kim Dung and Dechent, Philipp and K\"{a}bitz, Stefan and Warnecke, Alexander and Sauer, Dirk Uwe},
    year={2015},
    pages={A1836–A1848}
}

@article{Merla2018,
    title={An easy-to-parameterise physics-informed battery model and its application towards lithium-ion battery cell design, diagnosis, and degradation},
    volume={384},
    ISSN={0378-7753},
    DOI={https://doi.org/10.1016/j.jpowsour.2018.02.065},
    journal={Journal of Power Sources},
    author={Merla, Yu and Wu, Billy and Yufit, Vladimir and Martinez-Botas, Ricardo F. and Offer, Gregory J.},
    year={2018},
    pages={66–79}
}

@article{Lain2019,
    title={Design Strategies for High Power vs. High Energy Lithium Ion Cells},
    volume={5},
    ISSN={2313-0105},
    DOI={10.3390/batteries5040064},
    number={4},
    journal={Batteries},
    publisher={MDPI AG},
    author={Lain and Brandon and Kendrick},
    year={2019},
    month={Oct},
    pages={64}
}
 
@article{Zhang2014,
    title={Simultaneous estimation of thermal parameters for large-format laminated lithium-ion batteries},
    volume={259},
    ISSN={0378-7753},
    DOI={https://doi.org/10.1016/j.jpowsour.2014.02.079},
    journal={Journal of Power Sources},
    author={Zhang, Jianbo and Wu, Bin and Li, Zhe and Huang, Jun},
    year={2014},
    pages={106–116}
}

@article{Luo_2015,
    title={Effect of morphology on the physical and electrochemical properties of the high-voltage spinel cathode LiMn$_{1.5}$Ni$_{0.5O4}$},
    volume={636},
    ISSN={0925-8388},
    DOI={https://doi.org/10.1016/j.jallcom.2015.02.163},
    journal={Journal of Alloys and Compounds},
    author={Luo, Wenbin},
    year={2015},
    pages={24–28}
}

@article{Michaelis_2019_understanding,
    title={Understanding thickness and porosity effects on the electrochemical performance of LiNi$_{0.6}$Co$_{0.2}$Mn$_{0.2}$O$_2$-based cathodes for high energy Li-ion batteries},
    volume={419},
    ISSN={0378-7753},
    DOI={https://doi.org/10.1016/j.jpowsour.2019.02.060},
    journal={Journal of Power Sources},
    author={Heubner, C. and Nickol, A. and Seeba, J. and Reuber, S. and Junker, N. and Wolter, M. and Schneider, M. and Michaelis, A.},
    year={2019},
    pages={119–126}
}

@article{Li_Erickson_Manthiram_2020,
    title={High-nickel layered oxide cathodes for lithium-based automotive batteries},
    volume={5},
    ISSN={2058-7546},
    DOI={10.1038/s41560-019-0513-0},
    number={1},
    journal={Nature Energy},
    author={Li, Wangda and Erickson, Evan M. and Manthiram, Arumugam},
    year={2020},
    month={Jan},
    pages={26–34}
}
 
@article{Nkulu2018,
    title={Sustainability of artisanal mining of cobalt in DR Congo},
    volume={5},
    DOI={10.1038/s41893-018-0139-4},
    number={1},
    journal={Nature sustainabilityy},
    author={Banza Lubaba Nkulu, C. and Casas, L. and Haufroid, V. and De Putter, T. and Saenen, N. D. and Kayembe-Kitenge, T. and Musa Obadia, P. and Kyanika Wa Mukoma, D. and Lunda Ilunga, J. M. and Nawrot, T. S. and Luboya Numbi, O. and Smolders, E. and Nemery, B.},
    year={2018},
    pages={495–504}
}

@article{shearing_2020_3D,
    title={3D microstructure design of lithium-ion battery electrodes assisted by X-ray nano-computed tomography and modelling},
    volume={11},
    ISSN={2041-1723},
    DOI={10.1038/s41467-020-15811-x},
    author={Lu, Xuekun and Bertei, Antonio and Finegan, Donal P. and Tan, Chun and Daemi, Sohrab R. and Weaving, Julia S. and O'Regan, Kieran B. and Heenan, Thomas M. M. and Hinds, Gareth and Kendrick, Emma and Brett, Dan J. L. and Shearing, Paul R.},
    year={2020},
    month={Apr},
    pages={2079}
}
 
@article{Schmalstieg_Rahe_Ecker_Sauer_2018,
    title={Full Cell Parameterization of a High-Power Lithium-Ion Battery for a Physico-Chemical Model: Part I. Physical and Electrochemical Parameters},
    volume={165},
    DOI={10.1149/2.0321816jes},
    number={16},
    journal={Journal of The Electrochemical Society},
    author={Schmalstieg, Johannes and Rahe, Christiane and Ecker, Madeleine and Sauer, Dirk Uwe},
    year={2018},
    pages={a3799–a3810}
}

@article{Liebig_2019,
    title={Parameterization and Validation of an Electrochemical Thermal Model of a Lithium-Ion Battery},
    volume={5},
    ISSN={2313-0105},
    DOI={10.3390/batteries5030062},
    number={3},
    journal={Batteries},
    publisher={MDPI AG},
    author={Liebig and Gupta and Kirstein and Schuldt and Agert},
    year={2019},
    month={Sep},
    pages={62}
}

@article{Amin_Chiang_2016,
    title={Characterization of Electronic and Ionic Transport in Li$_{1-x}$Ni$_{0.33}$Mn$_{0.33}$Co$_{0.33}$O$_2$(NMC333) and Li$_{1-x}$Ni$_{0.50}$Mn$_{0.20}$Co$_{0.30}$O$_2$(NMC523) as a Function of Li Content},
    volume={163},
    DOI={10.1149/2.0131608jes},
    number={8},
    journal={Journal of The Electrochemical Society},
    publisher={The Electrochemical Society},
    author={Amin, Ruhul and Chiang, Yet-Ming},
    year={2016},
    pages={A1512–A1517}
}
 
@article{Sturm2019,
    title={Suitability of physicochemical models for embedded systems regarding a nickel-rich, silicon-graphite lithium-ion battery},
    journal={Journal of Power Sources},
    author={Sturm, J. and Ludwig, S. and Zwirner, J. and Ramirez-Garcia, C. and Heinrich, B. and Horsche, M. F. and Jossen, A.},
    year={2019},
    pages={226834}
}

@article{Tranter2020,
    title={Probing Heterogeneity in Li-Ion Batteries with Coupled Multiscale Models of Electrochemistry and Thermal Transport using Tomographic Domains},
    volume={167},
    DOI={10.1149/1945-7111/aba44b},
    author={Tranter, T. G. and Timms, R. and Heenan, T. M. M. and Marquis, S. G. and Sulzer, V. and Jnawali, A. and Kok, M. D. R. and Please, C. P. and Chapman, S. J. and Shearing, P. R. and et al.},
    year={2020},
    month={Jul},
    pages={110538}
}

@article{Ebner_Geldmacher_Marone_Stampanoni_Wood_2013,
    title={X-Ray Tomography of Porous, Transition Metal Oxide Based Lithium Ion Battery Electrodes},
    volume={3},
    DOI={https://doi.org/10.1002/aenm.201200932},
    number={7},
    journal={Advanced Energy Materials},
    author={Ebner, Martin and Geldmacher, Felix and Marone, Federica and Stampanoni, Marco and Wood, Vanessa},
    year={2013},
    pages={845–850}
}

@article{Devie_2018,
    title={Intrinsic Variability in the Degradation of a Batch of Commercial 18650 Lithium-Ion Cells},
    volume={11},
    ISSN={1996-1073},
    DOI={10.3390/en11051031},
    number={5},
    journal={Energies},
    publisher={MDPI AG},
    author={Devie, Arnaud and Baure, George and Dubarry, Matthieu},
    year={2018},
    month={Apr},
    pages={1031}
}

@article{Liu2008,
    title={Effects of Various Conductive Additive and Polymeric Binder Contents on the Performance of a Lithium-Ion Composite Cathode},
    volume={155},
    DOI={10.1149/1.2976031},
    number={12},
    journal={Journal of The Electrochemical Society},
    publisher={The Electrochemical Society},
    author={Liu, G. and Zheng, H. and Kim, S. and Deng, Y. and Minor, A. M. and Song, X. and Battaglia, V. S.},
    year={2008},
    pages={A887}
}
 
@article{Manthiram_2020,
    title={A reflection on lithium-ion battery cathode chemistry},
    volume={11},
    ISSN={2041-1723},
    DOI={10.1038/s41467-020-15355-0},
    number={1},
    journal={Nature Communications},
    author={Manthiram, Arumugam},
    year={2020},
    month={Mar},
    pages={1550}
}

@article{Banza2009,
    title = "High human exposure to cobalt and other metals in Katanga, a mining area of the Democratic Republic of Congo",
    journal = "Environmental Research",
    volume = "109",
    number = "6",
    pages = "745-752",
    year = "2009",
    issn = "0013-9351",
    doi = "https://doi.org/10.1016/j.envres.2009.04.012",
    author = "C\'{e}lestin Lubaba Nkulu Banza and Tim S. Nawrot and Vincent Haufroid and Sophie Decr\'{e}e and Thierry {De Putter} and Erik Smolders and Benjamin Ilunga Kabyla and Oscar Numbi Luboya and Augustin Ndala Ilunga and Alain Mwanza Mutombo and Benoit Nemery",
}

@misc{zenodo,
    author = {Chen, Chang-Hui and Brosa Planella, Ferran and O'Regan, Kieran and Gastol, Dominika and Widanage, W. Dhammika and Kendrick, Emma},
    title = {Experimental data for "Development of Experimental Techniques for Parameterization of Multi-scale Lithium-ion Battery Models"},
    howpublished = "\url{https://zenodo.org/record/4032561#.X3RFuWhKiUl}",
    year = {2020}, 
    note = "[Online; accessed 15-May-2020]"
}

@misc{BatteryArchive,
    author = {},
    title = {Battery Archive: A repository for easy visualization, analysis, and comparison of battery data across institutions.},
    howpublished = "\url{https://www.batteryarchive.org}",
    year = {2020}, 
    note = "[Online; accessed 10-November-2020]"
}

@article{wang2014molecular,
    title={Molecular dynamics simulations of Mg-doped beta"-alumina with potential models fitted for accurate structural response to thermal vibrations},
    author={Wang, Bu and Cormack, Alastair N},
    journal={Solid State Ionics},
    volume={263},
    pages={9--14},
    year={2014},
    publisher={Elsevier}
}

@article{escribano2017enhancing,
    title={Enhancing sampling in atomistic simulations of solid-state materials for batteries: a focus on olivine NaFePO$_4$},
    author={Escribano, Bruno and Lozano, Ariel and Radivojevi{\'c}, Tijana and Fern{\'a}ndez-Pend{\'a}s, Mario and Carrasco, Javier and Akhmatskaya, Elena},
    journal={Theoretical Chemistry Accounts},
    volume={136},
    number={4},
    pages={43},
    year={2017},
    publisher={Springer}
}

@article{Lee2013_lithium,
    title = "Lithium transition metal fluorophosphates (Li$_2$CoPO$_4$F and Li$_2$NiPO$_4$F) as cathode materials for lithium ion battery from atomistic simulation",
    journal = "Journal of Solid State Chemistry",
    volume = "204",
    pages = "329 - 334",
    year = "2013",
    issn = "0022-4596",
    doi = "https://doi.org/10.1016/j.jssc.2013.06.003",
    author = "Sanghun Lee and Sung Soo Park"
}

@article{dai2019comparison,
    title={Comparison of interatomic potential models on the molecular dynamics simulation of fast-ion conductors: A case study of a Li garnet oxide Li$_7$La$_3$Zr$_2$O$_{12}$},
    author={Dai, Jin and Chen, Qian and Glossmann, Tobias and Lai, Wei},
    journal={Computational Materials Science},
    volume={162},
    pages={333--339},
    year={2019},
    publisher={Elsevier}
}
@article{Xia2018,
    title={Designing principle for Ni-rich cathode materials with high energy density for practical applications},
    author={Xia, Yu and Zheng, Jianming and Wang, Chongmin and Gu, Meng},
    journal={Nano Energy},
    volume={49},
    pages={434--452},
    year={2018},
    publisher={Elsevier}
}

@article{Hendricks2015,
    title={A failure modes, mechanisms, and effects analysis (FMMEA) of lithium-ion batteries},
    author={Hendricks, Christopher and Williard, Nick and Mathew, Sony and Pecht, Michael},
    journal={Journal of Power Sources},
    volume={297},
    pages={113--120},
    year={2015},
    publisher={Elsevier}
}

@article{Julien2014,
    title={Comparative issues of cathode materials for Li-ion batteries},
    author={Julien, Christian M and Mauger, Alain and Zaghib, Karim and Groult, Henri},
    journal={Inorganics},
    volume={2},
    pages={132--154},
    year={2014},
    publisher={Multidisciplinary Digital Publishing Institute}
}

@article{Sari2019,
    title={Controllable Cathode--Electrolyte Interface of Li[Ni$_{0.8}$Co$_{0.1}$Mn$_{0.1}$]O$_2$ for Lithium Ion Batteries: A Review},
    author={Maleki Kheimeh Sari, Hirbod and Li, Xifei},
    journal={Advanced Energy Materials},
    volume={9},
    number={39},
    pages={1901597},
    year={2019},
    publisher={Wiley Online Library}
}

@article{Dixit2017,
    title={Origin of structural degradation during cycling and low thermal stability of Ni-rich layered transition metal-based electrode materials},
    author={Dixit, Mudit and Markovsky, Boris and Schipper, Florian and Aurbach, Doron and Major, Dan T},
    journal={The Journal of Physical Chemistry C},
    volume={121},
    number={41},
    pages={22628--22636},
    year={2017},
    publisher={ACS Publications}
}

@article{Woodford2010,
    title={"Electrochemical shock" of intercalation electrodes: a fracture mechanics analysis},
    author={Woodford, William H and Chiang, Yet-Ming and Carter, W Craig},
    journal={Journal of The Electrochemical Society},
    volume={157},
    number={10},
    pages={A1052},
    year={2010},
    publisher={IOP Publishing}
}

@article{Xiong2017,
    title={Measuring Oxygen Release from Delithiated LiNi$_{x}$Mn$_{y}$Co$_{1-x-y}$O$_{2}$ and Its Effects on the Performance of High Voltage Li-Ion Cells},
    author={Xiong, DJ and Ellis, LD and Li, J and Li, Hongyang and Hynes, T and Allen, JP and Xia, J and Hall, DS and Hill, IG and Dahn, JR},
    journal={Journal of The Electrochemical Society},
    volume={164},
    number={13},
    pages={A3025},
    year={2017},
    publisher={IOP Publishing}
}

@article{Zheng2012,
    title={Correlation between dissolution behavior and electrochemical cycling performance for LiNi$_{1/3}$Co$_{1/3}$Mn$_{1/3}$O$_{2}$-based cells},
    author={Zheng, Honghe and Sun, Qingna and Liu, Gao and Song, Xiangyun and Battaglia, Vincent S},
    journal={Journal of Power Sources},
    volume={207},
    pages={134--140},
    year={2012},
    publisher={Elsevier}
}

@article{Birkl2017,
    title={Degradation diagnostics for lithium ion cells},
    author={Birkl, Christoph R and Roberts, Matthew R and McTurk, Euan and Bruce, Peter G and Howey, David A},
    journal={Journal of Power Sources},
    volume={341},
    pages={373--386},
    year={2017},
    publisher={Elsevier}
}

@article{Bloom2005,
    title={Differential voltage analyses of high-power, lithium-ion cells: 1. Technique and application},
    author={Bloom, Ira and Jansen, Andrew N and Abraham, Daniel P and Knuth, Jamie and Jones, Scott A and Battaglia, Vincent S and Henriksen, Gary L},
    journal={Journal of Power Sources},
    volume={139},
    number={1-2},
    pages={295--303},
    year={2005},
    publisher={Elsevier}
}

@article{Dubarry2011,
    title={Evaluation of commercial lithium-ion cells based on composite positive electrode for plug-in hybrid electric vehicle applications. Part I: Initial characterizations},
    author={Dubarry, Matthieu and Truchot, Cyril and Cugnet, Mika{\"e}l and Liaw, Bor Yann and Gering, Kevin and Sazhin, Sergiy and Jamison, David and Michelbacher, Christopher},
    journal={Journal of power sources},
    volume={196},
    number={23},
    pages={10328--10335},
    year={2011},
    publisher={Elsevier}
}

@article{Dees2009,
    title={Analysis of the Galvanostatic Intermittent Titration Technique (GITT) as applied to a lithium-ion porous electrode},
    author={Dees, Dennis W and Kawauchi, Shigehiro and Abraham, Daniel P and Prakash, Jai},
    journal={Journal of Power Sources},
    volume={189},
    number={1},
    pages={263--268},
    year={2009},
    publisher={Elsevier}
}

@article{Andre2011,
    title={Characterization of high-power lithium-ion batteries by electrochemical impedance spectroscopy. I. Experimental investigation},
    author={Andre, D and Meiler, M and Steiner, K and Wimmer, Ch and Soczka-Guth, T and Sauer, DU},
    journal={Journal of Power Sources},
    volume={196},
    number={12},
    pages={5334--5341},
    year={2011},
    publisher={Elsevier}
}

@article{Jalkanen2015,
    title={Cycle aging of commercial NMC/graphite pouch cells at different temperatures},
    author={Jalkanen, K and Karppinen, J and Skogstr{\"o}m, L and Laurila, T and Nisula, M and Vuorilehto, K},
    journal={Applied Energy},
    volume={154},
    pages={160--172},
    year={2015},
    publisher={Elsevier}
}

@article{Xiao_NanoEner2018,
    author = {Yinguo Xiao and Tongchao Liu and Jiajie Liu and Lunhua He and Jie Chen and Junrong Zhang and Ping Luo and Huaile Lu and Rui Wang and Weiming Zhu and Zongxiang Hu and Gaofeng Teng and Chao Xin and Jiaxin Zheng and Tianjiao Liang and Fangwei Wang and Yuanbo Chen and Qingzhen Huang and Feng Pan and Hesheng Chen},
    journal = {Nano Energy},
    pages = {77 - 85},
    title = {Insight into the origin of lithium/nickel ions exchange in layered Li(Ni$_x$Mn$_y$Co$_z$)O$_2$ cathode materials},
    volume = {49},
    year = {2018},
    doi = {https://doi.org/10.1016/j.nanoen.2018.04.020},
    issn = {2211-2855}
}

@article{Zhu_JMatChemA2019,
    author = {Zhu, Jian and Chen, Guoying},
    journal = {J. Mater. Chem. A},
    pages = {5463-5474},
    publisher = {The Royal Society of Chemistry},
    title = {Single-crystal based studies for correlating the properties and high-voltage performance of Li[Ni$_x$Mn$_y$Co$_{1-x-y}$]O$_2$ cathodes},
    volume = {7},
    year = {2019},
    doi = {10.1039/C8TA10329A}
}

@article{Kondrakov_JPhysChemC2017,
    author = {Kondrakov, Aleksandr O. and Geßwein, Holger and Galdina, Kristina and de Biasi, Lea and Meded, Velimir and Filatova, Elena O. and Schumacher, Gerhard and Wenzel, Wolfgang and Hartmann, Pascal and Brezesinski, Torsten and Janek, Jürgen},
    journal = {The Journal of Physical Chemistry C},
    number = {44},
    pages = {24381-24388},
    title = {Charge-Transfer-Induced Lattice Collapse in Ni-Rich NCM Cathode Materials during Delithiation},
    volume = {121},
    year = {2017},
    doi = {10.1021/acs.jpcc.7b06598}
}

@article{HChen_PhysRevB2011,
    title = {Charge disproportionation and Jahn-Teller distortion in LiNiO${}_{2}$ and NaNiO${}_{2}$: A density functional theory study},
    author = {Chen, Hungru and Freeman, Colin L. and Harding, John H.},
    journal = {Phys. Rev. B},
    volume = {84},
    issue = {8},
    pages = {085108},
    numpages = {7},
    year = {2011},
    month = {Aug},
    publisher = {American Physical Society},
    doi = {10.1103/PhysRevB.84.085108}
}

@article{Sun_JPhysChemC2017,
    author = {Sun, Hong and Zhao, Kejie},
    journal = {The Journal of Physical Chemistry C},
    number = {11},
    pages = {6002-6010},
    title = {Electronic Structure and Comparative Properties of LiNi$_x$Mn$_y$Co$_z$O$_2$ Cathode Materials},
    volume = {121},
    year = {2017},
    doi = {10.1021/acs.jpcc.7b00810}
}

@article{Dixit_JPhysChemC2017,
    author = {Dixit, Mudit and Markovsky, Boris and Schipper, Florian and Aurbach, Doron and Major, Dan T.},
    journal = {The Journal of Physical Chemistry C},
    number = {41},
    pages = {22628-22636},
    title = {Origin of Structural Degradation During Cycling and Low Thermal Stability of Ni-Rich Layered Transition Metal-Based Electrode Materials},
    volume = {121},
    year = {2017},
    doi = {10.1021/acs.jpcc.7b06122}
}

@article{Hoang_ACSChemMater2016,
    author = {Hoang, Khang and Johannes, Michelle},
    journal = {Chemistry of Materials},
    number = {5},
    pages = {1325-1334},
    title = {Defect Physics and Chemistry in Layered Mixed Transition Metal Oxide Cathode Materials: (Ni,Co,Mn) vs (Ni,Co,Al)},
    volume = {28},
    year = {2016},
    doi = {10.1021/acs.chemmater.5b04219}
}

@article{Dixit_JElecSoc2017,
    author = {Dixit, Mudit and Markovsky, Boris and Aurbach, Doron and Major, Dan T.},
    journal = {Journal of The Electrochemical Society},
    number = {1},
    pages = {A6359-A6365},
    title = {Unraveling the Effects of Al Doping on the Electrochemical Properties of LiNi$_{0.5}$Co$_{0.2}$Mn$_{0.3}$O$_2$ Using First Principles},
    volume = {164},
    year = {2017},
    doi = {10.1149/2.0561701jes}
}

@article{Zeng_ChemMater2007,
    author = {Zeng, Dongli and Cabana, Jordi and Br\'{e}ger, Julien and Yoon, Won-Sub and Grey, Clare P.},
    journal = {Chemistry of Materials},
    number = {25},
    pages = {6277-6289},
    title = {Cation Ordering in Li[Ni$_x$Mn$_x$Co$_{(1–2x)}$]O$_2$-Layered Cathode Materials: A Nuclear Magnetic Resonance (NMR), Pair Distribution Function, X-ray Absorption Spectroscopy, and Electrochemical Study},
    volume = {19},
    year = {2007},
    doi = {10.1021/cm702241a}
}

@article{du2020battery,
    title={Battery aging-and temperature-aware predictive energy management for hybrid electric vehicles},
    author={Du, Ronghua and Hu, Xiaosong and Xie, Shaobo and Hu, Lin and Zhang, Zhiyong and Lin, Xianke},
    journal={Journal of Power Sources},
    volume={473},
    pages={228568},
    year={2020},
    publisher={Elsevier}
}

@article{kim2006synthesis,
    title={Synthesis and electrochemical properties of Li[Ni$_{0.8}$Co$_{0.1}$Mn$_{0.1}$]O$_2$ and Li[Ni$_{0.8}$Co$_{0.2}$]O$_2$ via co-precipitation},
    author={Kim, Myung-Hyoon and Shin, Ho-Suk and Shin, Dongwook and Sun, Yang-Kook},
    journal={Journal of Power Sources},
    volume={159},
    number={2},
    pages={1328--1333},
    year={2006},
    publisher={Elsevier}
}

@article{armstrong1996synthesis,
    title={Synthesis of layered LiMnO$_2$ as an electrode for rechargeable lithium batteries},
    author={Armstrong, A Robert and Bruce, Peter G},
    journal={Nature},
    volume={381},
    number={6582},
    pages={499},
    year={1996},
    publisher={Nature Publishing Group}
}

@article{dahn1991rechargeable,
    title={Rechargeable LiNiO$_2$/carbon cells},
    author={Dahn, JR and Von Sacken, U and Juzkow, MW and Al-Janaby, H},
    journal={Journal of the Electrochemical Society},
    volume={138},
    number={8},
    pages={2207--2211},
    year={1991},
    publisher={The Electrochemical Society}
}

@article{jaguemont2016comprehensive,
    title={A comprehensive review of lithium-ion batteries used in hybrid and electric vehicles at cold temperatures},
    author={Jaguemont, Joris and Boulon, Lo{\"\i}c and Dub{\'e}, Yves},
    journal={Applied Energy},
    volume={164},
    pages={99--114},
    year={2016},
    publisher={Elsevier}
}

@article{andre2015future,
    title={Future generations of cathode materials: an automotive industry perspective},
    author={Andre, Dave and Kim, Sung-Jin and Lamp, Peter and Lux, Simon Franz and Maglia, Filippo and Paschos, Odysseas and Stiaszny, Barbara},
    journal={Journal of Materials Chemistry A},
    volume={3},
    number={13},
    pages={6709--6732},
    year={2015},
    publisher={Royal Society of Chemistry}
}

@article{noh2013comparison,
    title={Comparison of the structural and electrochemical properties of layered Li[Ni$_x$Co$_y$Mn$_z$]O$_2$ (x= 1/3, 0.5, 0.6, 0.7, 0.8 and 0.85) cathode material for lithium-ion batteries},
    author={Noh, Hyung-Joo and Youn, Sungjune and Yoon, Chong Seung and Sun, Yang-Kook},
    journal={Journal of power sources},
    volume={233},
    pages={121--130},
    year={2013},
    publisher={Elsevier}
}

@article{gabrisch2008transmission,
    title={Transmission electron microscope studies of LiNi$_{1/3}$Mn$_{1/3}$Co$_{1/3}$O$_2$ before and after long-term aging at 70$\deg$C},
    author={Gabrisch, Heike and Yi, Tanghong and Yazami, Rachid},
    journal={Electrochemical and Solid State Letters},
    volume={11},
    number={7},
    pages={A119},
    year={2008},
    publisher={IOP Publishing}
}

@article{liu2015nickel,
    title={Nickel-rich layered lithium transition-metal oxide for high-energy lithium-ion batteries},
    author={Liu, Wen and Oh, Pilgun and Liu, Xien and Lee, Min-Joon and Cho, Woongrae and Chae, Sujong and Kim, Youngsik and Cho, Jaephil},
    journal={Angewandte Chemie International Edition},
    volume={54},
    number={15},
    pages={4440--4457},
    year={2015},
    publisher={Wiley Online Library}
}

@article{ebner2013visualization,
    title={Visualization and quantification of electrochemical and mechanical degradation in Li ion batteries},
    author={Ebner, Martin and Marone, Federica and Stampanoni, Marco and Wood, Vanessa},
    journal={Science},
    volume={342},
    number={6159},
    pages={716--720},
    year={2013},
    publisher={American Association for the Advancement of Science}
}

@article{bak2013correlating,
    title={Correlating Structural Changes and Gas Evolution during the Thermal Decomposition of Charged Li$_x$Ni$_{0.8}$Co$_{0.15}$Al$_{0.05}$O$_2$ Cathode Materials},
    author={Bak, Seong-Min and Nam, Kyung-Wan and Chang, Wonyoung and Yu, Xiqian and Hu, Enyuan and Hwang, Sooyeon and Stach, Eric A and Kim, Kwang-Bum and Chung, Kyung Yoon and Yang, Xiao-Qing},
    journal={Chemistry of Materials},
    volume={25},
    number={3},
    pages={337--351},
    year={2013},
    publisher={ACS Publications}
}

@article{bak2014structural,
    title={Structural changes and thermal stability of charged LiNi$_x$M$_y$Co$_z$O$_2$ cathode materials studied by combined in situ time-resolved XRD and mass spectroscopy},
    author={Bak, Seong-Min and Hu, Enyuan and Zhou, Yongning and Yu, Xiqian and Senanayake, Sanjaya D and Cho, Sung-Jin and Kim, Kwang-Bum and Chung, Kyung Yoon and Yang, Xiao-Qing and Nam, Kyung-Wan},
    journal={ACS applied materials \& interfaces},
    volume={6},
    number={24},
    pages={22594--22601},
    year={2014},
    publisher={ACS Publications}
}

@article{jung2014understanding,
    title={Understanding the degradation mechanisms of LiNi$_{0.5}$Co$_{0.2}$Mn$_{0.3}$O$_2$ cathode material in lithium ion batteries},
    author={Jung, Sung-Kyun and Gwon, Hyeokjo and Hong, Jihyun and Park, Kyu-Young and Seo, Dong-Hwa and Kim, Haegyeom and Hyun, Jangsuk and Yang, Wooyoung and Kang, Kisuk},
    journal={Advanced Energy Materials},
    volume={4},
    number={1},
    pages={1300787},
    year={2014},
    publisher={Wiley Online Library}
}

@article{jung2017oxygen,
    title={Oxygen release and its effect on the cycling stability of LiNi$_x$Mn$_y$Co$_z$O$_2$ (NMC) cathode materials for Li-ion batteries},
    author={Jung, Roland and Metzger, Michael and Maglia, Filippo and Stinner, Christoph and Gasteiger, Hubert A},
    journal={Journal of The Electrochemical Society},
    volume={164},
    number={7},
    pages={A1361},
    year={2017},
    publisher={IOP Publishing}
}

@article{jung2017chemical,
    title={Chemical versus electrochemical electrolyte oxidation on NMC111, NMC622, NMC811, LNMO, and conductive carbon},
    author={Jung, Roland and Metzger, Michael and Maglia, Filippo and Stinner, Christoph and Gasteiger, Hubert A},
    journal={The Journal of Physical Chemistry Letters},
    volume={8},
    number={19},
    pages={4820--4825},
    year={2017},
    publisher={ACS Publications}
}

@article{konishi2011thermal,
    title={Thermal stability of Li$_{1-y}$Ni$_{x}$Mn$_{(1- x)/2}$Co$_{(1- x)/2}$O$_2$ layer-structured cathode materials used in Li-Ion batteries},
    author={Konishi, Hiroaki and Yuasa, Toyotaka and Yoshikawa, Masanori},
    journal={Journal of Power Sources},
    volume={196},
    number={16},
    pages={6884--6888},
    year={2011},
    publisher={Elsevier}
}

@article{arai1998thermal,
    title={Thermal behavior of Li$_{1-y}$NiO$_2$ and the decomposition mechanism},
    author={Arai, Hajime and Okada, Shigeto and Sakurai, Yoji and Yamaki, Jun-ichi},
    journal={Solid State Ionics},
    volume={109},
    number={3-4},
    pages={295--302},
    year={1998},
    publisher={Elsevier}
}

@article{belharouak2006thermal,
    title={Thermal stability of the Li(Ni$_{0.8}$Co$_{0.15}$Al$_{0.05}$)O$_2$ cathode in the presence of cell components},
    author={Belharouak, I and Vissers, D and Amine, K},
    journal={Journal of The Electrochemical Society},
    volume={153},
    number={11},
    pages={A2030},
    year={2006},
    publisher={IOP Publishing}
}

@article{radin2017narrowing,
    title={Narrowing the gap between theoretical and practical capacities in Li-ion layered oxide cathode materials},
    author={Radin, Maxwell D and Hy, Sunny and Sina, Mahsa and Fang, Chengcheng and Liu, Haodong and Vinckeviciute, Julija and Zhang, Minghao and Whittingham, M Stanley and Meng, Y Shirley and Van der Ven, Anton},
    journal={Advanced Energy Materials},
    volume={7},
    number={20},
    pages={1602888},
    year={2017},
    publisher={Wiley Online Library}
}

@article{jung2018temperature,
    title={Temperature dependence of oxygen release from LiNi$_{0.6}$Mn$_{0.2}$Co$_{0.2}$O$_2$ (NMC622) cathode materials for li-ion batteries},
    author={Jung, Roland and Strobl, Philipp and Maglia, Filippo and Stinner, Christoph and Gasteiger, Hubert A},
    journal={Journal of The Electrochemical Society},
    volume={165},
    number={11},
    pages={A2869},
    year={2018},
    publisher={IOP Publishing}
}

@article{lin2014surface,
    title={Surface reconstruction and chemical evolution of stoichiometric layered cathode materials for lithium-ion batteries},
    author={Lin, Feng and Markus, Isaac M and Nordlund, Dennis and Weng, Tsu-Chien and Asta, Mark D and Xin, Huolin L and Doeff, Marca M},
    journal={Nature communications},
    volume={5},
    number={1},
    pages={1--9},
    year={2014},
    publisher={Nature Publishing Group}
}

@article{vetter2005ageing,
    title={Ageing mechanisms in lithium-ion batteries},
    author={Vetter, Jens and Nov{\'a}k, Petr and Wagner, Markus Robert and Veit, Claudia and M{\"o}ller, K-C and Besenhard, JO and Winter, Martin and Wohlfahrt-Mehrens, Margret and Vogler, Christoph and Hammouche, Abderrezak},
    journal={Journal of power sources},
    volume={147},
    number={1-2},
    pages={269--281},
    year={2005},
    publisher={Elsevier}
}

@article{li2018temperature,
    title={Temperature-dependent cycling performance and ageing mechanisms of C$_6$/LiNi$_{1/3}$Mn$_{1/3}$Co$_{1/3}$O$_{2}$ batteries},
    author={Li, Dongjiang and Li, Hu and Danilov, Dmitri and Gao, Lu and Zhou, Jiang and Eichel, R{\"u}diger-A and Yang, Yong and Notten, Peter HL},
    journal={Journal of Power Sources},
    volume={396},
    pages={444--452},
    year={2018},
    publisher={Elsevier}
}

@article{billy2018dissolution,
    title={Dissolution mechanisms of LiNi$_{1/3}$Mn$_{1/3}$Co$_{1/3}$O$_2$ positive electrode material from lithium-ion batteries in acid solution},
    author={Billy, Emmanuel and Jouli\'{e}, Marion and Laucournet, Richard and Boulineau, Adrien and De Vito, Eric and Meyer, Daniel},
    journal={ACS applied materials \& interfaces},
    volume={10},
    number={19},
    pages={16424--16435},
    year={2018},
    publisher={ACS Publications}
}

@article{zhao2017new,
    title={New insight into Li/Ni disorder in layered cathode materials for lithium ion batteries: a joint study of neutron diffraction, electrochemical kinetic analysis and first-principles calculations},
    author={Zhao, Enyue and Fang, Lincan and Chen, Minmin and Chen, Dongfeng and Huang, Qingzhen and Hu, Zhongbo and Yan, Qing-bo and Wu, Meimei and Xiao, Xiaoling},
    journal={Journal of Materials Chemistry A},
    volume={5},
    number={4},
    pages={1679--1686},
    year={2017},
    publisher={Royal Society of Chemistry}
}

@article{jung2018effect,
    title={Effect of ambient storage on the degradation of Ni-rich positive electrode materials (NMC811) for Li-ion batteries},
    author={Jung, Roland and Morasch, Robert and Karayaylali, Pinar and Phillips, Katherine and Maglia, Filippo and Stinner, Christoph and Shao-Horn, Yang and Gasteiger, Hubert A},
    journal={Journal of The Electrochemical Society},
    volume={165},
    number={2},
    pages={A132},
    year={2018},
    publisher={IOP Publishing}
}

@article{erickson2017recent,
    title={Recent advances and remaining challenges for lithium ion battery cathodes},
    author={Erickson, Evan M and Schipper, Florian and Penki, Tirupathi Rao and Shin, Ji-Yong and Erk, Christoph and Chesneau, Frederick-Francois and Markovsky, Boris and Aurbach, Doron},
    journal={Journal of The Electrochemical Society},
    volume={164},
    number={1},
    pages={A6341},
    year={2017},
    publisher={IOP Publishing}
}

@article{lin2013comprehensive,
    title={A comprehensive capacity fade model and analysis for Li-ion batteries},
    author={Lin, Xianke and Park, Jonghyun and Liu, Lin and Lee, Yoonkoo and Sastry, AM and Lu, Wei},
    journal={Journal of The Electrochemical Society},
    volume={160},
    number={10},
    pages={A1701},
    year={2013},
    publisher={IOP Publishing}
}

@article{reniers2019review,
    title={Review and performance comparison of mechanical-chemical degradation models for lithium-ion batteries},
    author={Reniers, Jorn M and Mulder, Grietus and Howey, David A},
    journal={Journal of The Electrochemical Society},
    volume={166},
    number={14},
    pages={A3189},
    year={2019},
    publisher={IOP Publishing}
}

@article{jana2019physical,
    title={Physical, on the fly, capacity degradation prediction of LiNiMnCoO$_2$-graphite cells},
    author={Jana, Aniruddha and Shaver, Gregory M and Garc{\'\i}a, R Edwin},
    journal={Journal of Power Sources},
    volume={422},
    pages={185--195},
    year={2019},
    publisher={Elsevier}
}

@article{ghosh2020shrinking,
doi = {10.1149/1945-7111/abdc71},
	url = {https://doi.org/10.1149/1945-7111/abdc71},
	year = 2021,
	month = {feb},
	publisher = {The Electrochemical Society},
	volume = {168},
	number = {2},
	pages = {020509},
	author = {Abir Ghosh and Jamie M. Foster and Gregory Offer and Monica Marinescu},
	title = {A Shrinking-Core Model for the Degradation of High-Nickel Cathodes ({NMC}811) in Li-Ion Batteries: Passivation Layer Growth and Oxygen Evolution},
	journal = {Journal of the Electrochemical Society}
}

@article{dai2012capacity,
    title={Capacity fade model for spinel LiMn$_2$O$_4$ electrode},
    author={Dai, Yiling and Cai, Long and White, Ralph E},
    journal={Journal of The Electrochemical Society},
    volume={160},
    number={1},
    pages={A182},
    year={2012},
    publisher={IOP Publishing}
}

@article{Katharina-chemmater,
    author = {M\:{a}rker, Katharina and Reeves, Philip J. and Xu, Chao and Griffith, Kent J. and Grey, Clare P.},
    title = {Evolution of Structure and Lithium Dynamics in LiNi$_{0.8}$Mn$_{0.1}$Co$_{0.1}$O$_2$ (NMC811) Cathodes during Electrochemical Cycling},
    journal = {Chemistry of Materials},
    volume = {31},
    number = {7},
    pages = {2545-2554},
    year = {2019},
    doi = {10.1021/acs.chemmater.9b00140},
}

@article{Dan-Thomas-chemmater,
    author = {Chakraborty, Arup and Kunnikuruvan, Sooraj and Kumar, Sandeep and Markovsky, Boris and Aurbach, Doron and Dixit, Mudit and Major, Dan Thomas},
    title = {Layered Cathode Materials for Lithium-Ion Batteries: Review of Computational Studies on LiNi$_{1–x–y}$Co$_x$Mn$_y$O$_2$ and LiNi$_{1–x–y}$Co$_x$Al$_y$O$_2$},
    journal = {Chemistry of Materials},
    volume = {32},
    number = {3},
    pages = {915-952},
    year = {2020},
    doi = {10.1021/acs.chemmater.9b04066},
}

@article{Dixit-jpcc,
    author = {Dixit, Mudit and Markovsky, Boris and Schipper, Florian and Aurbach, Doron and Major, Dan T.},
    title = {Origin of Structural Degradation During Cycling and Low Thermal Stability of Ni-Rich Layered Transition Metal-Based Electrode Materials},
    journal = {The Journal of Physical Chemistry C},
    volume = {121},
    number = {41},
    pages = {22628-22636},
    year = {2017},
    doi = {10.1021/acs.jpcc.7b06122}
}

@Article{Feng-2019,
    author ="Duan, Yandong and Yang, Luyi and Zhang, Ming-Jian and Chen, Zonghai and Bai, Jianming and Amine, Khalil and Pan, Feng and Wang, Feng",
    title  ="Insights into Li/Ni ordering and surface reconstruction during synthesis of Ni-rich layered oxides",
    journal  ="J. Mater. Chem. A",
    year  ="2019",
    volume  ="7",
    issue  ="2",
    pages  ="513-519",
    publisher  ="The Royal Society of Chemistry",
    doi  ="10.1039/C8TA10553G"
}

@article{Parmar-LMO-2020,
    author = {Parmar, R. and Rezvani, S.J. and Nobili, F. and Di Cicco, A. and Trapananti, A. and M. Minicucci and Nannarone, S. and Giglia, A. and Maroni, F. and Gunnella, R.},
    title = {Electrochemical Response and Structural Stability of the Li$^+$ Ion Battery Cathode with Coated LiMn$_2$O$_4$ Nanoparticles},
    journal = {ACS Applied Energy Materials},
    volume = {3},
    number = {9},
    pages = {8356-8365},
    year = {2020},
    doi = {10.1021/acsaem.0c00933},
}

@article{PASQUALINI2017,
    title = "Electrochemical and spectroscopic characterization of an alumina-coated LiMn2O4 cathode with enhanced interfacial stability",
    journal = "Electrochimica Acta",
    volume = "258",
    pages = "175-181",
    year = "2017",
    issn = "0013-4686",
    doi = "https://doi.org/10.1016/j.electacta.2017.10.115",
    author = "M. Pasqualini and S. Calcaterra and F. Maroni and S.J. Rezvani and A. {Di Cicco} and S. Alexander and H. Rajantie and R. Tossici and F. Nobili",
}

@software{Morgan2020BuckFit,
    author = {{Morgan, Lucy M. and Clarke, Matthew and Islam, M. Saiful and Morgan, Benjamin J.}},
    title = {BuckFit},
    doi = {10.5281/zenodo.4311103},
    url = {https://doi.org/10.5281/zenodo.4311103},
    version = {v0.0.1-alpha},
    date = {2020-12-08}
}

@software{dftfit,
    author = {Chris Ostrouchov},
    title = {dftfit},
    url = {https://chrisostrouchov.com/dftfit},
    urldate = {2020-09-29}
}

@article{Zheng-acs.jpclett-2017,
    title={Role of Superexchange Interaction on Tuning of Ni/Li Disordering in Layered Li (Ni$_x$Mn$_y$Co$_z$)O$_2$},
    author={Zheng, Jiaxin and Teng, Gaofeng and Xin, Chao and Zhuo, Zengqing and Liu, Jiajie and Li, Qinghao and Hu, Zongxiang and Xu, Ming and Yan, Shishen and Yang, Wanli and others},
    journal={The Journal of Physical Chemistry Letters},
    volume={8},
    number={22},
    pages={5537--5542},
    year={2017},
    publisher={ACS Publications}
}

@article{Maleki-aenm.2019,
    title={Controllable cathode--electrolyte interface of Li[Ni$_{0.8}$Co$_{0.1}$Mn$_{0.1}$]O$_2$ for lithium ion batteries: a review},
    author={Maleki Kheimeh Sari, Hirbod and Li, Xifei},
    journal={Advanced Energy Materials},
    volume={9},
    number={39},
    pages={1901597},
    year={2019},
    publisher={Wiley Online Library}
}

@article{Li-acsami-2020,
    title={Constructing a Low-Impedance Interface on a High-Voltage LiNi$_{0.8}$Co$_{0.1}$Mn$_{0.1}$O$_2$ Cathode with 2, 4, 6-Triphenyl Boroxine as a Film-Forming Electrolyte Additive for Li-Ion Batteries},
    author={Li, Guanjie and Liao, Youhao and Li, Zifei and Xu, Ning and Lu, Yikeng and Lan, Guangyuan and Sun, Gengzhi and Li, Weishan},
    journal={ACS Applied Materials \& Interfaces},
    volume={12},
    number={33},
    pages={37013--37026},
    year={2020},
    publisher={ACS Publications}
}

@article{Zhang-acs.chemmater-2019,
    title={Identifying and addressing critical challenges of high-voltage layered ternary oxide cathode materials},
    author={Zhang, Shu and Ma, Jun and Hu, Zhenglin and Cui, Guanglei and Chen, Liquan},
    journal={Chemistry of Materials},
    volume={31},
    number={16},
    pages={6033--6065},
    year={2019},
    publisher={ACS Publications}
}

@article{Li-aenm-2019,
    title={A Comprehensive Analysis of the Interphasial and Structural Evolution over Long-Term Cycling of Ultrahigh-Nickel Cathodes in Lithium-Ion Batteries},
    author={Li, Jianyu and Manthiram, Arumugam},
    journal={Advanced Energy Materials},
    volume={9},
    number={45},
    pages={1902731},
    year={2019},
    publisher={Wiley Online Library}
}

@article{Li-EER-2020,
    title={Degradation mechanisms and mitigation strategies of nickel-rich NMC-based lithium-ion batteries},
    author={Li, Tianyu and Yuan, Xiao-Zi and Zhang, Lei and Song, Datong and Shi, Kaiyuan and Bock, Christina},
    journal={Electrochemical Energy reviews},
    volume={3},
    number={1},
    pages={43--80},
    year={2020},
    publisher={Springer}
}

@article{buchberger2015,
    title={Aging analysis of graphite/LiNi$_{1/3}$Mn$_{1/3}$Co$_{1/3}$O$_2$ cells using XRD, PGAA, and AC impedance},
    author={Buchberger, Irmgard and Seidlmayer, Stefan and Pokharel, Aneil and Piana, Michele and Hattendorff, Johannes and Kudejova, Petra and Gilles, Ralph and Gasteiger, Hubert A},
    journal={Journal of The Electrochemical Society},
    volume={162},
    number={14},
    pages={A2737},
    year={2015},
    publisher={IOP Publishing}
}

@article{joshi2014,
    title={Effects of dissolved transition metals on the electrochemical performance and SEI growth in lithium-ion batteries},
    author={Joshi, Tapesh and Eom, KwangSup and Yushin, Gleb and Fuller, Thomas F},
    journal={Journal of the electrochemical society},
    volume={161},
    number={12},
    pages={A1915},
    year={2014},
    publisher={IOP Publishing}
}

@article{zheng2019,
    title={Ni/Li disordering in layered transition metal oxide: electrochemical impact, origin, and control},
    author={Zheng, Jiaxin and Ye, Yaokun and Liu, Tongchao and Xiao, Yinguo and Wang, Chongmin and Wang, Feng and Pan, Feng},
    journal={Accounts of chemical research},
    volume={52},
    number={8},
    pages={2201--2209},
    year={2019},
    publisher={ACS Publications}
}

@article{Manthiram-NatComm-2020,
    title={A reflection on lithium-ion battery cathode chemistry},
    author={Manthiram, Arumugam},
    journal={Nature Communications},
    volume={11},
    number={1},
    pages={1--9},
    year={2020},
    publisher={Nature Publishing Group}
}

@article{Jerng-ACS-AMI-2020,
    title={Pyrazine-Linked 2D Covalent Organic Frameworks as Coating Material for High-Nickel Layered Oxide Cathodes in Lithium-Ion Batteries},
    author={Jerng, Sung Eun and Chang, Barsa and Shin, Hyuksoo and Kim, Hyuntae and Lee, Taegeun and Char, Kookheon and Choi, Jang Wook},
    journal={ACS Applied Materials \& Interfaces},
    volume={12},
    number={9},
    pages={10597--10606},
    year={2020},
    publisher={ACS Publications}
}

@article{De-AdMat-2019,
    title={Chemical, Structural, and Electronic Aspects of Formation and Degradation Behavior on Different Length Scales of Ni-Rich NCM and Li-Rich HE-NCM Cathode Materials in Li-Ion Batteries},
    author={De Biasi, Lea and Schwarz, Bj{\"o}rn and Brezesinski, Torsten and Hartmann, Pascal and Janek, J{\"u}rgen and Ehrenberg, Helmut},
    journal={Advanced Materials},
    volume={31},
    number={26},
    pages={1900985},
    year={2019},
    publisher={Wiley Online Library}
}

@article{Li_Nat-Comm-2017,
    title={Dynamic behaviour of interphases and its implication on high-energy-density cathode materials in lithium-ion batteries},
    author={Li, Wangda and Dolocan, Andrei and Oh, Pilgun and Celio, Hugo and Park, Suhyeon and Cho, Jaephil and Manthiram, Arumugam},
    journal={Nature communications},
    volume={8},
    number={1},
    pages={1--10},
    year={2017},
    publisher={Nature Publishing Group}
}

@article{Raman2017,
    title = {Delineating parameter unidentifiabilities in complex models},
    author = {Raman, Dhruva V. and Anderson, James and Papachristodoulou, Antonis},
    journal = {Phys. Rev. E},
    volume = {95},
    issue = {3},
    pages = {032314},
    numpages = {17},
    year = {2017},
    month = {Mar},
    publisher = {American Physical Society},
    doi = {10.1103/PhysRevE.95.032314}
}

@article{mizushima1980lixcoo2,
    title={Li$_x$CoO$_2$ (0<x<-1): A new cathode material for batteries of high energy density},
    author={Mizushima, K and Jones, PC and Wiseman, PJ and Goodenough, John B},
    journal={Materials Research Bulletin},
    volume={15},
    number={6},
    pages={783--789},
    year={1980},
    publisher={Elsevier}
}

@article{rozier2015li,
    title={Li-rich layered oxide cathodes for next-generation Li-ion batteries: chances and challenges},
    author={Rozier, Patrick and Tarascon, Jean Marie},
    journal={Journal of The Electrochemical Society},
    volume={162},
    number={14},
    pages={A2490},
    year={2015},
    publisher={IOP Publishing}
}

@article{whittingham2008materials,
    title={Materials challenges facing electrical energy storage},
    author={Whittingham, M Stanley},
    journal={Mrs Bulletin},
    volume={33},
    number={4},
    pages={411--419},
    year={2008},
    publisher={Cambridge University Press}
}

@article{dunn2011electrical,
    title={Electrical energy storage for the grid: a battery of choices},
    author={Dunn, Bruce and Kamath, Haresh and Tarascon, Jean-Marie},
    journal={Science},
    volume={334},
    number={6058},
    pages={928--935},
    year={2011},
    publisher={American Association for the Advancement of Science}
}

@article{liu2013materials,
    title={Materials science and materials chemistry for large scale electrochemical energy storage: from transportation to electrical grid},
    author={Liu, Jun and Zhang, Ji-Guang and Yang, Zhenguo and Lemmon, John P and Imhoff, Carl and Graff, Gordon L and Li, Liyu and Hu, Jianzhi and Wang, Chongmin and Xiao, Jie and others},
    journal={Advanced Functional Materials},
    volume={23},
    number={8},
    pages={929--946},
    year={2013},
    publisher={Wiley Online Library}
}

@article{palacin2009recent,
    title={Recent advances in rechargeable battery materials: a chemist’s perspective},
    author={Palacin, M Rosa},
    journal={Chemical Society Reviews},
    volume={38},
    number={9},
    pages={2565--2575},
    year={2009},
    publisher={Royal Society of Chemistry}
}

@article{masquelier2013polyanionic,
    title={Polyanionic (phosphates, silicates, sulfates) frameworks as electrode materials for rechargeable Li (or Na) batteries},
    author={Masquelier, Christian and Croguennec, Laurence},
    journal={Chemical Reviews},
    volume={113},
    number={8},
    pages={6552--6591},
    year={2013},
    publisher={ACS Publications}
}

@article{armand2008building,
    title={Building better batteries},
    author={Armand, Michel and Tarascon, J-M},
    journal={nature},
    volume={451},
    number={7179},
    pages={652--657},
    year={2008},
    publisher={Nature Publishing Group}
}

@article{bruce2012li,
    title={Li--O$_2$ and Li--S batteries with high energy storage},
    author={Bruce, Peter G and Freunberger, Stefan A and Hardwick, Laurence J and Tarascon, Jean-Marie},
    journal={Nature materials},
    volume={11},
    number={1},
    pages={19},
    year={2012},
    publisher={Nature Publishing Group}
}

@article{park2010review,
    title={A review of conduction phenomena in Li-ion batteries},
    author={Park, Myounggu and Zhang, Xiangchun and Chung, Myoungdo and Less, Gregory B and Sastry, Ann Marie},
    journal={Journal of Power Sources},
    volume={195},
    number={24},
    pages={7904--7929},
    year={2010},
    publisher={Elsevier}
}

@article{scrosati2011lithium,
    title={Lithium-ion batteries. A look into the future},
    author={Scrosati, Bruno and Hassoun, Jusef and Sun, Yang-Kook},
    journal={Energy \& Environmental Science},
    volume={4},
    number={9},
    pages={3287--3295},
    year={2011},
    publisher={Royal Society of Chemistry}
}

@article{etacheri2011challenges,
    title={Challenges in the development of advanced Li-ion batteries: a review},
    author={Etacheri, Vinodkumar and Marom, Rotem and Elazari, Ran and Salitra, Gregory and Aurbach, Doron},
    journal={Energy \& Environmental Science},
    volume={4},
    number={9},
    pages={3243--3262},
    year={2011},
    publisher={Royal Society of Chemistry}
}

@article{goodenough2013li,
	title = {The {Li}-{Ion} {Rechargeable} {Battery}: {A} {Perspective}},
	volume = {135},
	issn = {0002-7863, 1520-5126},
	shorttitle = {The {Li}-{Ion} {Rechargeable} {Battery}},
	doi = {10.1021/ja3091438},
	number = {4},
	journal = {Journal of the American Chemical Society},
	author = {Goodenough, John B. and Park, Kyu-Sung},
	year = {2013},
	pages = {1167--1176}
}

@article{takada2013progress,
    title={Progress and prospective of solid-state lithium batteries},
    author={Takada, Kazunori},
    journal={Acta Materialia},
    volume={61},
    number={3},
    pages={759--770},
    year={2013},
    publisher={Elsevier}
}

@article{fergus2010recent,
    title={Recent developments in cathode materials for lithium ion batteries},
    author={Fergus, Jeffrey W},
    journal={Journal of power sources},
    volume={195},
    number={4},
    pages={939--954},
    year={2010},
    publisher={Elsevier}
}

@article{ellis2010positive,
    title={Positive electrode materials for Li-ion and Li-batteries},
    author={Ellis, Brian L and Lee, Kyu Tae and Nazar, Linda F},
    journal={Chemistry of materials},
    volume={22},
    number={3},
    pages={691--714},
    year={2010},
    publisher={ACS Publications}
}

@article{he2012layered,
    title={Layered lithium transition metal oxide cathodes towards high energy lithium-ion batteries},
    author={He, Ping and Yu, Haijun and Zhou, Haoshen and others},
    journal={Journal of Materials Chemistry},
    volume={22},
    number={9},
    pages={3680--3695},
    year={2012},
    publisher={Royal Society of Chemistry}
}

@article{zaghib2013review,
    title={Review and analysis of nanostructured olivine-based lithium recheargeable batteries: Status and trends},
    author={Zaghib, K and Guerfi, A and Hovington, P and Vijh, A and Trudeau, M and Mauger, A and Goodenough, JB and Julien, CM},
    journal={Journal of Power Sources},
    volume={232},
    pages={357--369},
    year={2013},
    publisher={Elsevier}
}

@article{myung2017nickel,
    title={Nickel-rich layered cathode materials for automotive lithium-ion batteries: achievements and perspectives},
    author={Myung, Seung-Taek and Maglia, Filippo and Park, Kang-Joon and Yoon, Chong Seung and Lamp, Peter and Kim, Sung-Jin and Sun, Yang-Kook},
    journal={ACS Energy Letters},
    volume={2},
    number={1},
    pages={196--223},
    year={2017},
    publisher={ACS Publications}
}

@article{goonetilleke2018structural,
    title={Structural Evolution and High-Voltage Structural Stability of Li(Ni$_x$Mn$_y$Co$_z$)O$_2$ Electrodes},
    author={Goonetilleke, Damian and Sharma, Neeraj and Pang, Wei Kong and Peterson, Vanessa K and Petibon, Remi and Li, Jing and Dahn, JR},
    journal={Chemistry of Materials},
    volume={31},
    number={2},
    pages={376--386},
    year={2018},
    publisher={ACS Publications}
}

@article{chen2002staging,
    title={Staging phase transitions in Li$_x$CoO$_2$},
    author={Chen, Zhaohui and Lu, Zhonghua and Dahn, JR},
    journal={Journal of the Electrochemical Society},
    volume={149},
    number={12},
    pages={A1604},
    year={2002},
    publisher={IOP Publishing}
}

@article{paulsen2000o2,
    title={O$_2$ Structure Li$_{2/3}$[Ni$_{1/3}$Mn$_{2/3}$]O$_2$: A New Layered Cathode Material for Rechargeable Lithium Batteries. I. Electrochemical Properties},
    author={Paulsen, JM and Thomas, CL and Dahn, JR},
    journal={Journal of the Electrochemical Society},
    volume={147},
    number={3},
    pages={861},
    year={2000},
    publisher={IOP Publishing}
}

@article{paulsen20002,
    title={O$_2$-Type Li$_{2/3}$[Ni$_{1/3}$Mn$_{2/3}$]O$_{2}$: A New Layered Cathode Material for Rechargeable Lithium Batteries II. Structure, Composition, and Properties},
    author={Paulsen, JM and Dahn, JR},
    journal={Journal of the Electrochemical Society},
    volume={147},
    number={7},
    pages={2478},
    year={2000},
    publisher={IOP Publishing}
}

@article{duan2019insights,
    title={Insights into Li/Ni ordering and surface reconstruction during synthesis of Ni-rich layered oxides},
    author={Duan, Yandong and Yang, Luyi and Zhang, Ming-Jian and Chen, Zonghai and Bai, Jianming and Amine, Khalil and Pan, Feng and Wang, Feng},
    journal={Journal of Materials Chemistry A},
    volume={7},
    number={2},
    pages={513--519},
    year={2019},
    publisher={Royal Society of Chemistry}
}

@article{zhang2018structural,
    title={Structural, Electrochemical, and Thermal Properties of Nickel-Rich LiNi$_x$Mn$_y$Co$_z$O$_2$ Materials},
    author={Zhang, Ning and Li, Jing and Li, Hongyang and Liu, Aaron and Huang, Que and Ma, Lin and Li, Ying and Dahn, Jeff R},
    journal={Chemistry of Materials},
    volume={30},
    number={24},
    pages={8852--8860},
    year={2018},
    publisher={ACS Publications}
}

@misc{azevedo2018mining,
    authors = {Marcelo Azevedo, Nicol\`{o} Campagnol, Toralf Hagenbruch, Ken Hoffman, Ajay Lala, Oliver Ramsbottom},
    publisher = {McKinsey & Company },
    year = {2018},
    month = {June},
    journal = {Metals and Mining}
}
@article{Liu-JSSE-2020,
    title={Structure, modification, and commercialization of high nickel ternary material (LiNi$_{0.8}$Co$_{0.1}$Mn$_{0.1}$O$_2$ and LiNi$_{0.8}$Co$_{0.15}$Al$_{0.05}$O$_2$) for lithium ion batteries},
    author={Liu, Jie and Zou, Zhengguang and Zhang, Shuchao and Zhang, Huanhuan},
    journal={Journal of Solid State Electrochemistry},
    pages={1--24},
    year={2020},
    publisher={Springer}
}

@article{maleki2019controllable,
    title={Controllable cathode--electrolyte interface of Li[Ni$_{0.8}$Co$_{0.1}$Mn$_{0.1}$]O$_2$ for lithium ion batteries: a review},
    author={Maleki Kheimeh Sari, Hirbod and Li, Xifei},
    journal={Advanced Energy Materials},
    volume={9},
    number={39},
    pages={1901597},
    year={2019},
    publisher={Wiley Online Library}
}

@article{nakamura2000,
    title={On the diffusion of Li$^+$ defects in LiCoO$_2$ and LiNiO$_2$},
    author={Nakamura, Koichi and Ohno, Hideki and Okamura, Kazuhiro and Michihiro, Yoshitaka and Nakabayashi, Ichiro and Kanashiro, Tatsuo},
    journal={Solid State Ionics},
    volume={135},
    number={1-4},
    pages={143--147},
    year={2000},
    publisher={Elsevier}
}

@article{bruce1992vacancy,
    title={Vacancy diffusion in the intercalation electrode Li$_{1-x}$NiO$_2$},
    author={Bruce, PG and Lisowska-Oleksiak, A and Saidi, MY and Vincent, CA},
    journal={Solid State Ionics},
    volume={57},
    number={3-4},
    pages={353--358},
    year={1992},
    publisher={Elsevier}
}

@article{deringer2019machine,
    title={Machine learning interatomic potentials as emerging tools for materials science},
    author={Deringer, Volker L and Caro, Miguel A and Cs{\'a}nyi, G{\'a}bor},
    journal={Advanced Materials},
    volume={31},
    number={46},
    pages={1902765},
    year={2019},
    publisher={Wiley Online Library}
}